@article{jamshidi2016systematic,
  title={A Systematic Mapping Study in Microservice Architecture},
  author={Jamshidi, P. and others},
  year={2016},
  journal={Institute of Electrical and Electronics Engineers}
}

@inproceedings{nizami2020comparison,
  title={The Comparison of Microservice and Monolithic Architecture},
  author={Niazi, M. and others},
  booktitle={2020 International Conference on Computing, Electronic and Electrical Engineering (ICE Cube)},
  year={2020}
}

@misc{farhan2023performance,
  title={Performance Comparison between Monolith and Microservice Using Docker and Kubernetes},
  author={Farhan, M. and others},
  year={2023},
}

@misc{observability2023,
  title={Observability in Microservices Architectures: Leveraging Logging, Metrics, and Distributed Tracing in Large-Scale Systems},
  year={2023},
  author={Bhanuprakash Madupati}
}

@article{ahmed2022observability,
  title={Observability in Kubernetes Cluster: Automatic Anomalies Detection using Prometheus},
  author={Ahmed, M. and others},
  journal={Procedia Computer Science},
  year={2022}
}

@article{niswar2023performance,
  title={Performance evaluation of microservices communication with REST, GraphQL, and gRPC},
  author={Niswar, M. and others},
  journal={Journal of Systems and Software},
  year={2023}
}

@article{sha2023automating,
  title={Automating Microservices Test Failure Analysis using Kubernetes Cluster Logs},
  author={Sha, K. and others},
  journal={IEEE Access},
  year={2023}
}

@book{shekhar2023microservices,
  title={Microservices Design Patterns for Cloud Architecture},
  author={Shekhar, Gaurav},
  publisher={IEEE Chicago},
  year={2023}
}

@misc{observability2023,
  title={Observability in Microservices Architectures},
  author={Madupati, B.},
  year={2023}
}

@article{niswar2023performance,
  title={Performance Evaluation of Microservices Communication},
  author={Niswar, M. et al.},
  journal={Journal of Systems and Software},
  year={2023}
}

@inproceedings{nizami2020comparison,
  title={The Comparison of Microservice and Monolithic Architecture},
  author={Niazi, M. et al.},
  booktitle={ICE Cube},
  year={2020}
}

@book{shekhar2023microservices,
  title={Microservices Design Patterns},
  author={Shekhar, G.},
  publisher={IEEE},
  year={2023}
}

@PHDTHESIS{fielding2000rest,  
  author  = {Fielding, Roy Thomas},  
  title   = {Architectural Styles and the Design of Network-based Software Architectures},  
  year    = {2000},  
  school  = {University of California},  
  address = {Irvine, EUA},  
  note    = {Tese de Doutorado}  
}  

@ARTICLE{niswar2023performance,  
  author  = {Niswar, Muhammad and others},  
  title   = {Performance evaluation of microservices communication with REST, GraphQL, and gRPC},  
  journal = {Journal of Systems and Software},  
  volume  = {202},  
  pages   = {111-125},  
  year    = {2023},  
  doi     = {10.1016/j.jss.2023.111125}  
}  

@INPROCEEDINGS{maso2024comparativo,  
  author  = {Maso, Nicolas Nascimento},  
  title   = {Comparativo entre arquiteturas de APIs: REST, GraphQL e gRPC},  
  booktitle = {Repositório UFSC},  
  year    = {2024},  
  url     = {https://repositorio.ufsc.br/handle/123456789/255699},  
  note    = {Trabalho de Conclusão de Curso}  
}  

@MISC{aws:1,  
  author  = {{Amazon Web Services}},  
  title   = {Diferenças entre gRPC e REST},  
  year    = {2023},  
  url     = {https://aws.amazon.com/pt/compare/the-difference-between-grpc-and-rest/},  
  note    = {Acesso em: 31 maio 2025}  
}  

@MISC{ibm:7,  
  author  = {{IBM}},  
  title   = {gRPC vs. REST},  
  year    = {2025},  
  url     = {https://www.ibm.com/think/topics/grpc-vs-rest},  
  note    = {Acesso em: 31 maio 2025}  
}

@MISC{grpc:1,
  author  = {{gRPC Authors}},
  title   = {gRPC: A high performance, open source universal RPC framework},
  year    = {2025},
  url     = {https://grpc.io},
  note    = {Acesso em: 31 maio 2025}
}

@MISC{googleblog:5,
  author  = {Marculescu, Mugur},
  title   = {Introducing gRPC, a new open source HTTP/2 RPC Framework},
  year    = {2015},
  url     = {https://developers.googleblog.com/2015/02/introducing-grpc-new-open-source-http2.html},
  note    = {Acesso em: 31 maio 2025}
}

@MISC{wallarm:4,
  author  = {{Wallarm}},
  title   = {gRPC vs. REST: Comparing Key API Designs And Deciding Which One is Best},
  year    = {2025},
  url     = {https://www.wallarm.com/what/grpc-vs-rest-comparing-key-api-designs-and-deciding-which-one-is-best},
  note    = {Acesso em: 31 maio 2025}
}

@MISC{marutitech:9,
  author  = {{Maruti Techlabs}},
  title   = {REST vs gRPC: Which is Better for Your Application?},
  year    = {2024},
  url     = {https://marutitech.com/rest-vs-grpc/},
  note    = {Acesso em: 31 maio 2025}
}

@article{sandeep2022observability,
  author  = {Sandeep Chinamanagonda},
  title   = {Observability in Microservices Architectures -Advanced observability tools for microservices environments},
  journal = {MZ Research Journal},
  year    = {2022},
  url     = {https://mzresearch.com/index.php/MZCJ/article/view/342/349},
}

@article{Nair2019CircuitBreaker,
  title={A survey on circuit breaker pattern in microservices architecture},
  author={Nair, S. and others},
  journal={International Journal of Recent Technology and Engineering},
  year={2019}
}
@misc{Fowler2012CircuitBreaker,
  author = {Martin Fowler},
  title = {Circuit Breaker},
  year = {2012},
  howpublished = {\url{https://martinfowler.com/bliki/CircuitBreaker.html}}
}